@book{MacKay2003,
    title = {Information Theory, Inference and Learning Algorithms},
    author = {MacKay, D.J.C. and Kay, D.J.C.M. and Cambridge University Press},
    isbn = {9780521642989},
    url = {https://books.google.com.au/books?id=AKuMj4PN\_EMC},
    year = {2003},
    publisher = {Cambridge University Press}
}
@book{Schroeder2021,
    title = {An Introduction to Thermal Physics},
    author = {Schroeder, D.V.},
    isbn = {9780192895547},
    url = {https://books.google.com.au/books?id=IRUOEAAAQBAJ},
    year = {2021},
    publisher = {Oxford University Press}
}
@book{Kittel1969,
    title = {Thermal Physics},
    author = {Kittel, C. and Kroemer, H.},
    isbn = {9780471490302},
    url = {https://books.google.com.au/books?id=fwdRAAAAMAAJ},
    year = {1969},
    publisher = {Wiley}
}
